@article{premonoidal-string-diagrams,
  author        = {{Rom{\'a}n}, Mario},
  title         = {{Promonads and String Diagrams for Effectful Categories}},
  journal       = {arXiv e-prints},
  keywords      = {Mathematics - Category Theory, Computer Science - Logic in Computer Science, 18M30},
  year          = 2022,
  month         = may,
  eid           = {arXiv:2205.07664},
  doi           = {10.48550/arXiv.2205.07664},
  archiveprefix = {arXiv},
  eprint        = {2205.07664},
  primaryclass  = {math.CT},
  adsurl        = {https://ui.adsabs.harvard.edu/abs/2022arXiv220507664R},
  adsnote       = {Provided by the SAO/NASA Astrophysics Data System}
}

@inproceedings{ftrs,
  title     = {Functors are type refinement systems},
  author    = {Melli{\`e}s, Paul-Andr{\'e} and Zeilberger, Noam},
  booktitle = {Proceedings of the 42nd Annual ACM SIGPLAN-SIGACT Symposium on Principles of Programming Languages},
  pages     = {3--16},
  year      = {2015}
}

@article{moggi-monad,
  title     = {Notions of computation and monads},
  author    = {Moggi, Eugenio},
  journal   = {Information and computation},
  volume    = {93},
  number    = {1},
  pages     = {55--92},
  year      = {1991},
  publisher = {Elsevier}
}

@inproceedings{coinductive-resumption,
  author    = {Paul Blain Levy and Sergey Goncharov},
  title     = {{Coinductive Resumption Monads: Guarded Iterative and Guarded Elgot}},
  booktitle = {8th Conference on Algebra and Coalgebra in Computer Science (CALCO 2019)},
  pages     = {13:1--13:17},
  series    = {Leibniz International Proceedings in Informatics (LIPIcs)},
  isbn      = {978-3-95977-120-7},
  issn      = {1868-8969},
  year      = {2019},
  volume    = {139},
  editor    = {Markus Roggenbach and Ana Sokolova},
  publisher = {Schloss Dagstuhl--Leibniz-Zentrum fuer Informatik},
  address   = {Dagstuhl, Germany},
  url       = {http://drops.dagstuhl.de/opus/volltexte/2019/11441},
  urn       = {urn:nbn:de:0030-drops-114414},
  doi       = {10.4230/LIPIcs.CALCO.2019.13},
  annote    = {Keywords: Guarded iteration, guarded monads, coalgebraic resumptions}
}

@article{rvsdg,
  author     = {Reissmann, Nico and Meyer, Jan Christian and Bahmann, Helge and Sj\"{a}lander, Magnus},
  title      = {RVSDG: An Intermediate Representation for Optimizing Compilers},
  year       = {2020},
  issue_date = {November 2020},
  publisher  = {Association for Computing Machinery},
  address    = {New York, NY, USA},
  volume     = {19},
  number     = {6},
  issn       = {1539-9087},
  url        = {https://doi.org/10.1145/3391902},
  doi        = {10.1145/3391902},
  journal    = {ACM Trans. Embed. Comput. Syst.},
  month      = {dec},
  articleno  = {49},
  numpages   = {28},
  keywords   = {LLVM, intermediate representation, Regionalized value state dependence graph (RVSDG)}
}

      

